<collection xmlns="http://www.loc.gov/MARC21/slim">
<record>
  <leader>03648nam0a2200589 i 450 </leader>
  <controlfield tag="001">IT\ICCU\CNCE\038929</controlfield>
  <controlfield tag="005">20170504000000.0</controlfield>
  <datafield tag="012" ind1=" " ind2=" ">
    <subfield code="a">n-g- a.ma tae, ceIm (3) 1581 (R)</subfield>
    <subfield code="2">fei</subfield>
  </datafield>
  <datafield tag="100" ind1=" " ind2=" ">
    <subfield code="a">19981030d1581        0itac0103    ba</subfield>
  </datafield>
  <datafield tag="101" ind1=" " ind2=" ">
    <subfield code="a">ITA</subfield>
  </datafield>
  <datafield tag="102" ind1=" " ind2=" ">
    <subfield code="a">IT</subfield>
  </datafield>
  <datafield tag="200" ind1="1" ind2=" ">
    <subfield code="a">℗La ℗Gierusalemme liberata, ouero il Goffredo del sig. Torquato Tasso. Di nuouo ricorretto, et secondo le proprie copie dell&apos;istesso autore ridotto a compimento tale, che non vi si pu ̣altro pi ̮desiderare. Con gli argomenti del sig. Oratio Ariosti gentil&apos;huomo ferrarese. Aggiuntoui d&apos;incerto autore. L&apos;allegorie a ciascun canto, per lo pi ̮tolte dall&apos;istesso signor Tasso. Annotationi, e dichiarationi, s d&apos;alcuni passi del poema, come dell&apos;historie toccate nel libro. Vna raccolta d&apos;alcune vaghe maniere vsate dal poeta nel descriuere le parti del d. Con la tauola di tutti gli epiteti</subfield>
  </datafield>
  <datafield tag="210" ind1=" " ind2=" ">
    <subfield code="a">In Parma</subfield>
    <subfield code="c">nella stamperia d&apos;Erasmo Viotto</subfield>
    <subfield code="d">1581</subfield>
  </datafield>
  <datafield tag="215" ind1=" " ind2=" ">
    <subfield code="a">\8!, 242, \42! p.</subfield>
    <subfield code="d">4ʻ</subfield>
  </datafield>
  <datafield tag="620" ind1=" " ind2=" ">
    <subfield code="a">IT</subfield>
    <subfield code="d">Parma</subfield>
  </datafield>
  <datafield tag="700" ind1=" " ind2="1">
    <subfield code="a">Tasso,</subfield>
    <subfield code="b">Torquato</subfield>
    <subfield code="3">IT\ICCU\CNCA\002182</subfield>
  </datafield>
  <datafield tag="702" ind1=" " ind2="1">
    <subfield code="a">Ariosto,</subfield>
    <subfield code="b">Orazio</subfield>
    <subfield code="3">IT\ICCU\CNCA\013320</subfield>
  </datafield>
  <datafield tag="712" ind1="0" ind2="0">
    <subfield code="a">Viotti, Erasmo</subfield>
    <subfield code="3">IT\ICCU\CNCT\000264</subfield>
    <subfield code="4">650</subfield>
  </datafield>
  <datafield tag="790" ind1=" " ind2="1">
    <subfield code="a">Uranio,</subfield>
    <subfield code="b">Felice</subfield>
    <subfield code="3">IT\ICCU\CNCA\008878</subfield>
    <subfield code="z">Tasso, Torquato</subfield>
  </datafield>
  <datafield tag="790" ind1=" " ind2="1">
    <subfield code="a">Fenice,</subfield>
    <subfield code="b">Uranio</subfield>
    <subfield code="3">IT\ICCU\CNCA\017207</subfield>
    <subfield code="z">Tasso, Torquato</subfield>
  </datafield>
  <datafield tag="790" ind1=" " ind2="1">
    <subfield code="a">Ariosti,</subfield>
    <subfield code="b">Orazio</subfield>
    <subfield code="3">IT\ICCU\CNCA\028097</subfield>
    <subfield code="z">Ariosto, Orazio</subfield>
  </datafield>
  <datafield tag="791" ind1="0" ind2="0">
    <subfield code="a">Viothus, Erasmus</subfield>
    <subfield code="3">IT\ICCU\CNCT\004167</subfield>
    <subfield code="z">Viotti, Erasmo</subfield>
  </datafield>
  <datafield tag="791" ind1="0" ind2="0">
    <subfield code="a">Vioto, Erasmo</subfield>
    <subfield code="3">IT\ICCU\CNCT\005893</subfield>
    <subfield code="z">Viotti, Erasmo</subfield>
  </datafield>
  <datafield tag="791" ind1="0" ind2="0">
    <subfield code="a">Viotus, Erasmus</subfield>
    <subfield code="3">IT\ICCU\CNCT\005894</subfield>
    <subfield code="z">Viotti, Erasmo</subfield>
  </datafield>
  <datafield tag="791" ind1="0" ind2="0">
    <subfield code="a">Viottus, Erasmus</subfield>
    <subfield code="3">IT\ICCU\CNCT\005895</subfield>
    <subfield code="z">Viotti, Erasmo</subfield>
  </datafield>
  <datafield tag="791" ind1="0" ind2="0">
    <subfield code="a">Viotto, Erasmo</subfield>
    <subfield code="3">IT\ICCU\CNCT\005896</subfield>
    <subfield code="z">Viotti, Erasmo</subfield>
  </datafield>
  <datafield tag="801" ind1=" " ind2="3">
    <subfield code="a">IT</subfield>
    <subfield code="b">ICCU</subfield>
    <subfield code="c">20201114</subfield>
  </datafield>
  <datafield tag="899" ind1=" " ind2=" ">
    <subfield code="a">Biblioteca civica. Tortona</subfield>
    <subfield code="1">AL0100</subfield>
    <subfield code="2">TO0 32</subfield>
  </datafield>
  <datafield tag="899" ind1=" " ind2=" ">
    <subfield code="a">Biblioteca civica A. Mai. Bergamo</subfield>
    <subfield code="1">BG0026</subfield>
    <subfield code="2">LO1 02</subfield>
  </datafield>
  <datafield tag="899" ind1=" " ind2=" ">
    <subfield code="a">Biblioteca di Casa Carducci. Bologna</subfield>
    <subfield code="1">BO0283</subfield>
    <subfield code="2">UBO GC</subfield>
  </datafield>
  <datafield tag="899" ind1=" " ind2=" ">
    <subfield code="a">Biblioteca civica Queriniana. Brescia</subfield>
    <subfield code="z">MUTILO</subfield>
    <subfield code="1">BS0026</subfield>
    <subfield code="2">ZBS 01</subfield>
  </datafield>
  <datafield tag="899" ind1=" " ind2=" ">
    <subfield code="a">Biblioteca universitaria. Cagliari</subfield>
    <subfield code="1">CA0194</subfield>
    <subfield code="2">CAG UC</subfield>
  </datafield>
  <datafield tag="899" ind1=" " ind2=" ">
    <subfield code="a">Biblioteca comunale. Como</subfield>
    <subfield code="1">CO0059</subfield>
    <subfield code="2">ZCO 01</subfield>
  </datafield>
  <datafield tag="899" ind1=" " ind2=" ">
    <subfield code="a">Biblioteca del Convento francescano. Dongo</subfield>
    <subfield code="1">CO0075</subfield>
    <subfield code="2">ZCO 04</subfield>
  </datafield>
  <datafield tag="899" ind1=" " ind2=" ">
    <subfield code="a">Biblioteca Apostolica Vaticana. Citt ̉del Vaticano</subfield>
    <subfield code="1">EX0001</subfield>
    <subfield code="2">ZCV 01</subfield>
  </datafield>
  <datafield tag="899" ind1=" " ind2=" ">
    <subfield code="a">Biblioteca nazionale centrale. Firenze</subfield>
    <subfield code="1">FI0098</subfield>
    <subfield code="2">CFI CF</subfield>
  </datafield>
  <datafield tag="899" ind1=" " ind2=" ">
    <subfield code="a">Biblioteca della Societ ̉economica. Chiavari</subfield>
    <subfield code="1">GE0011</subfield>
    <subfield code="2">LI3 30</subfield>
  </datafield>
  <datafield tag="899" ind1=" " ind2=" ">
    <subfield code="a">Biblioteca del Convento di S. Anna. Genova</subfield>
    <subfield code="1">GE0202</subfield>
    <subfield code="2">ZGE 17</subfield>
  </datafield>
  <datafield tag="899" ind1=" " ind2=" ">
    <subfield code="a">Biblioteca Labronica Francesco Domenico Guerrazzi. Livorno</subfield>
    <subfield code="1">LI0011</subfield>
    <subfield code="2">LIA FA</subfield>
  </datafield>
  <datafield tag="899" ind1=" " ind2=" ">
    <subfield code="a">Biblioteca comunale centrale. Milano</subfield>
    <subfield code="1">MI0162</subfield>
    <subfield code="2">LO1 01</subfield>
  </datafield>
  <datafield tag="899" ind1=" " ind2=" ">
    <subfield code="a">Biblioteca comunale Teresiana. Mantova</subfield>
    <subfield code="1">MN0035</subfield>
    <subfield code="2">LO1 12</subfield>
  </datafield>
  <datafield tag="899" ind1=" " ind2=" ">
    <subfield code="a">Biblioteca dell&apos;Accademia nazionale di scienze, lettere ed arti. Modena</subfield>
    <subfield code="1">MO0052</subfield>
    <subfield code="2">MOD AC</subfield>
  </datafield>
  <datafield tag="899" ind1=" " ind2=" ">
    <subfield code="a">Biblioteca nazionale Vittorio Emanuele III. Napoli</subfield>
    <subfield code="1">NA0079</subfield>
    <subfield code="2">NAP BN</subfield>
  </datafield>
  <datafield tag="899" ind1=" " ind2=" ">
    <subfield code="a">Biblioteca pubblica e Casa della cultura. Fondazione Achille Marazza. Borgomanero</subfield>
    <subfield code="1">NO0011</subfield>
    <subfield code="2">TO0 D6</subfield>
  </datafield>
  <datafield tag="899" ind1=" " ind2=" ">
    <subfield code="a">Biblioteca Porziuncola. Assisi</subfield>
    <subfield code="1">PG0179</subfield>
    <subfield code="2">UM1 36</subfield>
  </datafield>
  <datafield tag="899" ind1=" " ind2=" ">
    <subfield code="a">Biblioteca Palatina. Parma</subfield>
    <subfield code="1">PR0072</subfield>
    <subfield code="2">PAR PA</subfield>
  </datafield>
  <datafield tag="899" ind1=" " ind2=" ">
    <subfield code="a">Biblioteca universitaria. Pavia</subfield>
    <subfield code="1">PV0291</subfield>
    <subfield code="2">MIL UP</subfield>
  </datafield>
  <datafield tag="899" ind1=" " ind2=" ">
    <subfield code="a">Biblioteca Angelica. Roma</subfield>
    <subfield code="1">RM0290</subfield>
    <subfield code="2">RML 06</subfield>
  </datafield>
  <datafield tag="899" ind1=" " ind2=" ">
    <subfield code="a">Biblioteca comunale. Treviso</subfield>
    <subfield code="1">TV0114</subfield>
    <subfield code="2">VIA CT</subfield>
  </datafield>
  <datafield tag="899" ind1=" " ind2=" ">
    <subfield code="a">British Library. London</subfield>
    <subfield code="1">UK0001</subfield>
  </datafield>
  <datafield tag="911" ind1=" " ind2=" ">
    <subfield code="a">Sul front. e in fine</subfield>
    <subfield code="9">IT\ICCU\CNCM\000171</subfield>
  </datafield>
  <datafield tag="921" ind1=" " ind2=" ">
    <subfield code="a">IT\ICCU\CNCM\000171</subfield>
    <subfield code="b">Liocorno che immerge il corno in un corso d&apos;acqua. In cornice figurata</subfield>
    <subfield code="e">Virtus securitatem parit.</subfield>
    <subfield code="c">A16</subfield>
    <subfield code="c">Z810</subfield>
    <subfield code="d">Dimensioni: 6,5 x 6,7</subfield>
    <subfield code="f">UNICORNO</subfield>
    <subfield code="f">VIRTUSSECU</subfield>
    <subfield code="g">1556-1595</subfield>
  </datafield>
</record>
</collection>
